
@article{agmon_lectures_2022,
	title = {Lectures on the string landscape and the {Swampland}},
	author = {Agmon, Nathan Benjamin and Bedroya, Alek and Kang, Monica Jinwoo and Vafa, Cumrun},
	month = dec,
	year = {2022},
	note = {\_eprint: 2212.06187},
	file = {Agmon et al. - 2022 - Lectures on the string landscape and the Swampland.pdf:/Users/smiya/Zotero/storage/T85C33CK/Agmon et al. - 2022 - Lectures on the string landscape and the Swampland.pdf:application/pdf},
}
